@inproceedings{besl1992method,
	title={Method for registration of 3-D shapes},
	author={Besl, Paul J and McKay, Neil D},
	booktitle={Sensor fusion IV: control paradigms and data structures},
	volume={1611},
	pages={586--606},
	year={1992},
	organization={International Society for Optics and Photonics}
}

@article{chen1992object,
	title={Object modelling by registration of multiple range images},
	author={Chen, Yang and Medioni, G{\'e}rard},
	journal={Image and vision computing},
	volume={10},
	number={3},
	pages={145--155},
	year={1992},
	publisher={Elsevier}
}

@book{choset2005principles,
	title={Principles of robot motion: theory, algorithms, and implementation},
	author={Choset, Howie M and Hutchinson, Seth and Lynch, Kevin M and Kantor, George and Burgard, Wolfram and Kavraki, Lydia E and Thrun, Sebastian},
	year={2005},
	month={5},
	publisher={MIT press},
	address={Cambridge},
	isbn={978-0-262-03327-5}
}

@book{thrun2005probabilistic,
	title={Probabilistic Robotics},
	author={Thrun, Sebastian and Burgard, Wolfram and Fox, Dieter},
	year={2005},
	month={8},
	publisher={MIT press},
	address={Cambridge},
	isbn={978-0-262-20162-9}
}



@article{bucaioni2018moves,
  title={Moves: A model-driven methodology for vehicular embedded systems},
  author={Bucaioni, Alessio and Addazi, Lorenzo and Cicchetti, Antonio and Ciccozzi, Federico and Eramo, Romina and Mubeen, Saad and Sj{\"o}din, Mikael},
  journal={IEEE Access},
  volume={6},
  pages={6424--6445},
  year={2018},
  publisher={IEEE}
}@inproceedings{macher2017embedded,
  title={Embedded multi-core system for design of next generation powertrain control units},
  author={Macher, Georg and Bachinger, Markus and Stolz, Michael},
  booktitle={2017 13th European Dependable Computing Conference (EDCC)},
  pages={66--72},
  year={2017},
  organization={IEEE}
}@article{pelliccione2017automotive,
  title={Automotive architecture framework: The experience of volvo cars},
  author={Pelliccione, Patrizio and Knauss, Eric and Heldal, Rogardt and {\AA}gren, S Magnus and Mallozzi, Piergiuseppe and Alminger, Anders and Borgentun, Daniel},
  journal={Journal of systems architecture},
  volume={77},
  pages={83--100},
  year={2017},
  publisher={Elsevier}
}@article{singh2016resource,
author={Amit Kumar Singh and Mohammad Shafique and Akash Kumar and Joerg Henkel},
journal={IEEE Transactions on Computer-Aided Design of Integrated Circuits and Systems},
title={Resource and Throughput Aware Execution Trace Analysis for Efficient Run-Time Mapping on MPSoCs},
year={2016},
volume={35},
number={1},
pages={72-85},
doi={10.1109/TCAD.2015.2446938},
ISSN={0278-0070},
month={Jan},}
@article{sahu2013survey,
  title={A survey on application mapping strategies for network-on-chip design},
  author={Sahu, Pradip Kumar and Chattopadhyay, Santanu},
  journal={Journal of systems architecture},
  volume={59},
  number={1},
  pages={60--76},
  year={2013},
  publisher={Elsevier}
}@article{mehrara2009multicore,
  title={Multicore compilation strategies and challenges},
  author={Mehrara, Mojtaba and Jablin, Thomas and Upton, Dan and August, David and Hazelwood, Kim and Mahlke, Scott},
  journal={IEEE Signal Processing Magazine},
  volume={26},
  number={6},
  pages={55--63},
  year={2009},
  publisher={IEEE}
}
@article{gupta2021mapping,
  title={Mapping techniques in multicore processors: current and future trends},
  author={Gupta, Manjari and Bhargava, Lava and Indu, S},
  journal={The Journal of Supercomputing},
  pages={1--56},
  year={2021},
  publisher={Springer}
}

@inproceedings{singh2013mapping,
  title={Mapping on multi/many-core systems: survey of current and emerging trends},
  author={Singh, Amit Kumar and Shafique, Muhammad and Kumar, Akash and Henkel, J{\"o}rg},
  booktitle={2013 50th IEEE Design Automation Conference (DAC)},
  pages={1--10},
  year={2013},
  organization={IEEE}
}
@article{deveci2015hypergraph,
  title={Hypergraph partitioning for multiple communication cost metrics: Model and methods},
  author={Deveci, Mehmet and Kaya, Kamer and U{\c{c}}ar, Bora and {\c{C}}ataly{\"u}rek, {\"U}mit V},
  journal={Journal of Parallel and Distributed Computing},
  volume={77},
  pages={69--83},
  year={2015},
  publisher={Elsevier}
}
@inproceedings{shivle2004static,
  title={Static mapping of subtasks in a heterogeneous ad hoc grid environment},
  author={Shivle, Sameer and Castain, Ralph and Siegel, Howard Jay and Maciejewski, Anthony A and Banka, Tarun and Chindam, Kiran and Dussinger, Steve and Pichumani, Prakash and Satyasekaran, Praveen and Saylor, William and others},
  booktitle={18th International Parallel and Distributed Processing Symposium, 2004. Proceedings.},
  pages={110},
  year={2004},
  organization={IEEE}
}
@article{bokhari1981shortest,
  title={A shortest tree algorithm for optimal assignments across space and time in a distributed processor system},
  author={Bokhari, Shahid H},
  journal={IEEE transactions on Software Engineering},
  number={6},
  pages={583--589},
  year={1981},
  publisher={IEEE}
}
@article{braun2001comparison,
  title={A comparison of eleven static heuristics for mapping a class of independent tasks onto heterogeneous distributed computing systems},
  author={Braun, Tracy D and Siegel, Howard Jay and Beck, Noah and B{\"o}l{\"o}ni, Ladislau L and Maheswaran, Muthucumaru and Reuther, Albert I and Robertson, James P and Theys, Mitchell D and Yao, Bin and Hensgen, Debra and others},
  journal={Journal of Parallel and Distributed computing},
  volume={61},
  number={6},
  pages={810--837},
  year={2001},
  publisher={Elsevier}
}

@inproceedings{castrillon2012communication,
  title={Communication-aware mapping of KPN applications onto heterogeneous MPSoCs},
  author={Castrillon, Jeronimo and Tretter, Andreas and Leupers, Rainer and Ascheid, Gerd},
  booktitle={DAC Design Automation Conference 2012},
  pages={1262--1267},
  year={2012},
  organization={IEEE}
}
@article{niemann1997algorithm,
  title={An algorithm for hardware/software partitioning using mixed integer linear programming},
  author={Niemann, Ralf and Marwedel, Peter},
  journal={Design Automation for Embedded Systems},
  volume={2},
  number={2},
  pages={165--193},
  year={1997},
  publisher={Springer}
}
@article{hu2005energy,
  title={Energy-and performance-aware mapping for regular NoC architectures},
  author={Hu, Jingcao and Marculescu, Radu},
  journal={IEEE Transactions on computer-aided design of integrated circuits and systems},
  volume={24},
  number={4},
  pages={551--562},
  year={2005},
  publisher={IEEE}
}
@inproceedings{bhatti2012memory,
  title={Memory and communication driven spatio-temporal scheduling on MPSoCs},
  author={Bhatti, Zubair Wadood and Miniskar, Narasinga Rao and Preuveneers, Davy and Wuyts, Roel and Berbers, Yolande and Catthoor, Francky},
  booktitle={2012 25th Symposium on Integrated Circuits and Systems Design (SBCCI)},
  pages={1--6},
  year={2012},
  organization={IEEE}
}
@inproceedings{kaida2012task,
  title={Task mapping techniques for embedded many-core socs},
  author={Kaida, Junya and Hieda, Takuji and Taniguchi, Ittetsu and Tomiyama, Hiroyuki and Hara-Azumi, Yuko and Inoue, Koji},
  booktitle={2012 International SoC Design Conference (ISOCC)},
  pages={204--207},
  year={2012},
  organization={IEEE}
}
@article{niemann1997algorithm,
  title={An algorithm for hardware/software partitioning using mixed integer linear programming},
  author={Niemann, Ralf and Marwedel, Peter},
  journal={Design Automation for Embedded Systems},
  volume={2},
  number={2},
  pages={165--193},
  year={1997},
  publisher={Springer}
}
@inproceedings{ding2013shared,
  title={Shared cache aware task mapping for WCRT minimization},
  author={Ding, Huping and Liang, Yun and Mitra, Tulika},
  booktitle={2013 18th Asia and South Pacific Design Automation Conference (ASP-DAC)},
  pages={735--740},
  year={2013},
  organization={IEEE}
}
@inproceedings{yang2015traffic,
  title={Traffic-aware application mapping for network-on-chip based multiprocessor system-on-chip},
  author={Yang, Lei and Liu, Weichen and Jiang, Weiwen and Zhang, Wei and Li, Mengquan and Yi, Juan and Liu, Duo and Sha, Edwin H-M},
  booktitle={2015 IEEE 17th International Conference on High Performance Computing and Communications, 2015 IEEE 7th International Symposium on Cyberspace Safety and Security, and 2015 IEEE 12th International Conference on Embedded Software and Systems},
  pages={571--576},
  year={2015},
  organization={IEEE}
}
@inproceedings{coskun2008temperature,
  title={Temperature-aware MPSoC scheduling for reducing hot spots and gradients},
  author={Coskun, Ayse Kivilcim and Rosing, Tajana Simunic and Whisnant, Keith A and Gross, Kenny C},
  booktitle={2008 Asia and South Pacific Design Automation Conference},
  pages={49--54},
  year={2008},
  organization={IEEE}
}
@article{girault2019erpot,
  title={Erpot: A quad-criteria scheduling heuristic to optimize execution time, reliability, power consumption and temperature in multicores},
  author={Girault, Alain and Zarandi, Hamid R and others},
  journal={IEEE Transactions on Parallel and Distributed Systems},
  volume={30},
  number={10},
  pages={2193--2210},
  year={2019},
  publisher={IEEE}
}
@article{braun2001comparison,
  title={A comparison of eleven static heuristics for mapping a class of independent tasks onto heterogeneous distributed computing systems},
  author={Braun, Tracy D and Siegel, Howard Jay and Beck, Noah and B{\"o}l{\"o}ni, Ladislau L and Maheswaran, Muthucumaru and Reuther, Albert I and Robertson, James P and Theys, Mitchell D and Yao, Bin and Hensgen, Debra and others},
  journal={Journal of Parallel and Distributed computing},
  volume={61},
  number={6},
  pages={810--837},
  year={2001},
  publisher={Elsevier}
}
@article{pascual2011optimization,
  title={Optimization-based mapping framework for parallel applications},
  author={Pascual, Jose A and Miguel-Alonso, Jose and Lozano, Jose A},
  journal={Journal of Parallel and Distributed Computing},
  volume={71},
  number={10},
  pages={1377--1387},
  year={2011},
  publisher={Elsevier}
}
@inproceedings{giannopoulou2014mapping,
  title={Mapping mixed-criticality applications on multi-core architectures},
  author={Giannopoulou, Georgia and Stoimenov, Nikolay and Huang, Pengcheng and Thiele, Lothar},
  booktitle={2014 Design, Automation \& Test in Europe Conference \& Exhibition (DATE)},
  pages={1--6},
  year={2014},
  organization={IEEE}
}
@inproceedings{xu2016set,
  title={Set-based particle swarm optimization for mapping and scheduling tasks on heterogeneous embedded systems},
  author={Xu, Xiao-Xiao and Hu, Xiao-Min and Chen, Wei-Neng and Li, Yun},
  booktitle={2016 Eighth International Conference on Advanced Computational Intelligence (ICACI)},
  pages={318--325},
  year={2016},
  organization={IEEE}
}
@inproceedings{gan2016minimizing,
  title={Minimizing energy consumption for embedded multicore systems using cache configuration and task mapping},
  author={Gan, ZhiHua and Zhang, Mingquan and Gu, Zhimin and Zhang, Jizan},
  booktitle={2016 International Conference on Cyber-Enabled Distributed Computing and Knowledge Discovery (CyberC)},
  pages={328--334},
  year={2016},
  organization={IEEE}
}
@article{ferrandi2010ant,
  title={Ant colony heuristic for mapping and scheduling tasks and communications on heterogeneous embedded systems},
  author={Ferrandi, Fabrizio and Lanzi, Pier Luca and Pilato, Christian and Sciuto, Donatella and Tumeo, Antonino},
  journal={IEEE Transactions on Computer-Aided Design of Integrated Circuits and Systems},
  volume={29},
  number={6},
  pages={911--924},
  year={2010},
  publisher={IEEE}
}
@inproceedings{singh2013mapping,
  title={Mapping on multi/many-core systems: survey of current and emerging trends},
  author={Singh, Amit Kumar and Shafique, Muhammad and Kumar, Akash and Henkel, J{\"o}rg},
  booktitle={2013 50th ACM/EDAC/IEEE Design Automation Conference (DAC)},
  pages={1--10},
  year={2013},
  organization={IEEE}
}
@inproceedings{carvalho2007heuristics,
  title={Heuristics for dynamic task mapping in NoC-based heterogeneous MPSoCs},
  author={Carvalho, Ewerson and Calazans, Ney and Moraes, Fernando},
  booktitle={18th IEEE/IFIP International Workshop on Rapid System Prototyping (RSP'07)},
  pages={34--40},
  year={2007},
  organization={IEEE}
}
@inproceedings{kaida2012task,
  title={Task mapping techniques for embedded many-core socs},
  author={Kaida, Junya and Hieda, Takuji and Taniguchi, Ittetsu and Tomiyama, Hiroyuki and Hara-Azumi, Yuko and Inoue, Koji},
  booktitle={2012 International SoC Design Conference (ISOCC)},
  pages={204--207},
  year={2012},
  organization={IEEE}
}


@inproceedings{peressmulti,
  title={Multi-core Design and Memory Feature Selection Survey},
  author={Yuval Peress},
  year={2009},
  url={https://api.semanticscholar.org/CorpusID:42876232}
}


@article{das2014communication,
  title={Communication and migration energy aware task mapping for reliable multiprocessor systems},
  author={Das, Anup and Kumar, Akash and Veeravalli, Bharadwaj},
  journal={Future Generation Computer Systems},
  volume={30},
  pages={216--228},
  year={2014},
  publisher={Elsevier}
}
@inproceedings{huang2009lifetime,
  title={Lifetime reliability-aware task allocation and scheduling for MPSoC platforms},
  author={Huang, Lin and Yuan, Feng and Xu, Qiang},
  booktitle={2009 Design, Automation \& Test in Europe Conference \& Exhibition},
  pages={51--56},
  year={2009},
  organization={IEEE}
}
@article{mehrara2009multicore,
  title={Multicore compilation strategies and challenges},
  author={Mehrara, Mojtaba and Jablin, Thomas and Upton, Dan and August, David and Hazelwood, Kim and Mahlke, Scott},
  journal={IEEE Signal Processing Magazine},
  volume={26},
  number={6},
  pages={55--63},
  year={2009},
  publisher={IEEE}
}
@inproceedings{giannopoulou2014mapping,
  title={Mapping mixed-criticality applications on multi-core architectures},
  author={Giannopoulou, Georgia and Stoimenov, Nikolay and Huang, Pengcheng and Thiele, Lothar},
  booktitle={2014 Design, Automation \& Test in Europe Conference \& Exhibition (DATE)},
  pages={1--6},
  year={2014},
  organization={IEEE}
}
@inproceedings{hartman2010case,
  title={A case for lifetime-aware task mapping in embedded chip multiprocessors},
  author={Hartman, Adam S and Thomas, Donald E and Meyer, Brett H},
  booktitle={Proceedings of the eighth IEEE/ACM/IFIP international conference on Hardware/software codesign and system synthesis},
  pages={145--154},
  year={2010}
}
@inproceedings{huang2009lifetime,
  title={Lifetime reliability-aware task allocation and scheduling for MPSoC platforms},
  author={Huang, Lin and Yuan, Feng and Xu, Qiang},
  booktitle={2009 Design, Automation \& Test in Europe Conference \& Exhibition},
  pages={51--56},
  year={2009},
  organization={IEEE}
}
@inproceedings{das2014combined,
  title={Combined DVFS and mapping exploration for lifetime and soft-error susceptibility improvement in MPSoCs},
  author={Das, Anup and Kumar, Akash and Veeravalli, Bharadwaj and Bolchini, Cristiana and Miele, Antonio},
  booktitle={2014 Design, Automation \& Test in Europe Conference \& Exhibition (DATE)},
  pages={1--6},
  year={2014},
  organization={IEEE}
}
@inproceedings{kinsy2014algorithms,
  title={Algorithms for scheduling task-based applications onto heterogeneous many-core architectures},
  author={Kinsy, Michel A and Devadas, Srinivas},
  booktitle={2014 IEEE High Performance Extreme Computing Conference (HPEC)},
  pages={1--6},
  year={2014},
  organization={IEEE}
}
@inproceedings{lee2014workload,
  title={Workload and variation aware thread scheduling for heterogeneous multi-processor},
  author={Lee, Seungwon and Ro, Won Woo},
  booktitle={The 18th IEEE International Symposium on Consumer Electronics (ISCE 2014)},
  pages={1--2},
  year={2014},
  organization={IEEE}
}
@inproceedings{liu2013dynamic,
  title={Dynamic thread mapping for high performance, power-efficient heterogeneous many-core systems},
  author={Liu, Guangshuo and Park, Jinpyo and Marculescu, Diana},
  booktitle={2013 IEEE 31st international conference on computer design (ICCD)},
  pages={54--61},
  year={2013},
  organization={IEEE}
}
@inproceedings{bolchini2016combined,
  title={Combined on-line lifetime-energy optimization for asymmetric multicores},
  author={Bolchini, Cristiana and Carminati, Matteo and Mitra, Tulika and Muthukaruppan, Thannirmalai Somu},
  booktitle={2016 IEEE International Symposium on Defect and Fault Tolerance in VLSI and Nanotechnology Systems (DFT)},
  pages={35--40},
  year={2016},
  organization={IEEE}
}
@INPROCEEDINGS{6560594,
  author={Singh, Amit Kumar and Shafique, Muhammad and Kumar, Akash and Henkel, Jörg},
  booktitle={2013 50th ACM/EDAC/IEEE Design Automation Conference (DAC)}, 
  title={Mapping on multi/many-core systems: Survey of current and emerging trends}, 
  year={2013},
  volume={},
  number={},
  pages={1-10},
  doi={10.1145/2463209.2488734}}

@inproceedings{koziolek2011peropteryx,
  title={PerOpteryx: automated application of tactics in multi-objective software architecture optimization},
  author={Koziolek, Anne and Koziolek, Heiko and Reussner, Ralf},
  booktitle={Proceedings of the joint ACM SIGSOFT conference--QoSA and ACM SIGSOFT symposium--ISARCS on Quality of software architectures--QoSA and architecting critical systems},
  pages={33--42},
  year={2011}
}
@inproceedings{aleti2009archeopterix,
  title={ArcheOpterix: An extendable tool for architecture optimization of AADL models},
  author={Aleti, Aldeida and Bjornander, Stefan and Grunske, Lars and Meedeniya, Indika},
  booktitle={2009 ICSE Workshop on Model-Based Methodologies for Pervasive and Embedded Software},
  pages={61--71},
  year={2009},
  organization={IEEE}
}
@incollection{burmester2004model,
  title={Model-driven development of reconfigurable mechatronic systems with mechatronic UML},
  author={Burmester, Sven and Giese, Holger and Tichy, Matthias},
  booktitle={Model Driven Architecture},
  pages={47--61},
  year={2004},
  publisher={Springer}
}
@article{aravantinos2015autofocus,
  title={AutoFOCUS 3: Tooling Concepts for Seamless, Model-based Development of Embedded Systems.},
  author={Aravantinos, Vincent and Voss, Sebastian and Teufl, Sabine and H{\"o}lzl, Florian and Sch{\"a}tz, Bernhard},
  journal={ACES-MB\&WUCOR@ MoDELS},
  volume={1508},
  pages={19--26},
  year={2015}
}
@article{juodisius2018clafer,
  title={Clafer: Lightweight modeling of structure, behaviour, and variability},
  author={Juodisius, Paulius and Sarkar, Atrisha and Mukkamala, Raghava Rao and Antkiewicz, Michal and Czarnecki, Krzysztof and Wasowski, Andrzej},
  journal={arXiv preprint arXiv:1807.08576},
  year={2018}
}
@article{ross2019synthesis,
  title={Synthesis and exploration of multi-level, multi-perspective architectures of automotive embedded systems},
  author={Ross, Jordan A and Murashkin, Alexandr and Liang, Jia Hui and Antkiewicz, Micha{\l} and Czarnecki, Krzysztof},
  journal={Software \& Systems Modeling},
  volume={18},
  number={1},
  pages={739--767},
  year={2019},
  publisher={Springer Berlin Heidelberg}
}
@inproceedings{bondarev2007exploring,
  title={Exploring performance trade-offs of a JPEG decoder using the DeepCompass framework},
  author={Bondarev, Egor and Chaudron, Michel RV and de Kock, Erwin A},
  booktitle={Proceedings of the 6th International Workshop on Software and Performance},
  pages={153--163},
  year={2007}
}@inproceedings{bagheri2014trademaker,
  title={Trademaker: Automated dynamic analysis of synthesized tradespaces},
  author={Bagheri, Hamid and Tang, Chong and Sullivan, Kevin},
  booktitle={Proceedings of the 36th International Conference on Software Engineering},
  pages={106--116},
  year={2014}
}@inproceedings{vsvogor2015scall,
  title={SCALL: Software component allocator for heterogeneous embedded systems},
  author={{\v{S}}vogor, Ivan and Carlson, Jan},
  booktitle={Proceedings of the 2015 European Conference on Software Architecture Workshops},
  pages={1--5},
  year={2015}
}@inproceedings{li2011evolutionary,
  title={An evolutionary multiobjective optimization approach to component-based software architecture design},
  author={Li, Rui and Etemaadi, Ramin and Emmerich, Michael TM and Chaudron, Michel RV},
  booktitle={2011 IEEE Congress of Evolutionary Computation (CEC)},
  pages={432--439},
  year={2011},
  organization={IEEE}
}@inproceedings{strasser2008framework,
  title={Framework for distributed industrial automation and control (4diac)},
  author={Strasser, Thomas and Rooker, Martijn and Ebenhofer, Gerhard and Zoitl, Alois and Sunder, Christoph and Valentini, Antonio and Martel, Allan},
  booktitle={2008 6th IEEE International Conference on Industrial Informatics},
  pages={283--288},
  year={2008},
  organization={IEEE}
}@inproceedings{frank2020squat,
  title={SQuAT-Vis: Visualization and Interaction in Software Architecture Optimization},
  author={Frank, Sebastian and van Hoorn, Andr{\'e}},
  booktitle={European Conference on Software Architecture},
  pages={107--119},
  year={2020},
  organization={Springer}
}@inproceedings{rago2017distributed,
  title={Distributed quality-attribute optimization of software architectures},
  author={Rago, Alejandro and Vidal, Santiago and Diaz-Pace, J Andres and Frank, Sebastian and van Hoorn, Andr{\'e}},
  booktitle={Proceedings of the 11th Brazilian Symposium on Software Components, Architectures, and Reuse},
  pages={1--10},
  year={2017}
}@misc{preevision,
 author   = "Vector",
 year     = "2021",
 title     = "PREEvision",
 note = {Last accessed 30 September 2021},
 url       = "https://www.vector.com/de/en/products/products-a-z/software/preevision/#c1789",
 howpublished ={\url{https://www.vector.com/de/en/products/products-a-z/software/preevision/#c1789}}
 
}
@misc{taste,
 author   = "European Space Agency",
 year     = "2021",
 title     = "Taste:an open-source tool-chain for embedded software development
",
 url       = "http://taste.tuxfamily.org/",
 howpublished ={\url{http://taste.tuxfamily.org/}}
}

@misc{motionwise,
 author   = "TTTechAuto",
 year     = "2021",
 title     = "MotionWise",
 note = {Last accessed 20 October 2021},
 url       = "https://www.tttech-auto.com/products/safety-software-platform/motionwise",
  howpublished ={\url{https://www.tttech-auto.com/products/safety-software-platform/motionwise}}
 
}
@INPROCEEDINGS{9212001,  author={Askaripoor, Hadi and Farzaneh, Morteza Hashemi and Knoll, Alois},  booktitle={2020 25th IEEE International Conference on Emerging Technologies and Factory Automation (ETFA)},   title={Considering Safety Requirements in Design Phase of Future E/E Architectures},   year={2020},  volume={1},  number={},  pages={1165-1168},  doi={10.1109/ETFA46521.2020.9212001}}
@inproceedings{busch2019peropteryx,
  title={Peropteryx: Automated improvement of software architectures},
  author={Busch, Axel and Fuch{\ss}, Dominik and Koziolek, Anne},
  booktitle={2019 IEEE International Conference on Software Architecture Companion (ICSA-C)},
  pages={162--165},
  year={2019},
  organization={IEEE}
}
@article{meedeniya2011reliability,
  title={Reliability-driven deployment optimization for embedded systems},
  author={Meedeniya, Indika and Buhnova, Barbora and Aleti, Aldeida and Grunske, Lars},
  journal={Journal of Systems and Software},
  volume={84},
  number={5},
  pages={835--846},
  year={2011},
  publisher={Elsevier}
}
@incollection{schafer2010model,
  title={Model-driven development with mechatronic uml},
  author={Sch{\"a}fer, Wilhelm and Wehrheim, Heike},
  booktitle={Graph transformations and model-driven engineering},
  pages={533--554},
  year={2010},
  publisher={Springer}
}
@article{hottger2017app4mc,
  title={APP4MC: Application platform project for multi-and many-core systems},
  author={H{\"o}ttger, Robert and Mackamul, Harald and Sailer, Andreas and Stegh{\"o}fer, Jan-Philipp and Tessmer, J{\"o}rg},
  journal={it Information Technology},
  volume={59},
  number={5},
  pages={243--251},
  year={2017},
  publisher={De Gruyter Oldenbourg}
}
@inproceedings{holzl200713,
  title={13 autofocus 3-a scientific tool prototype for model-based development of component-based, reactive, distributed systems},
  author={H{\"o}lzl, Florian and Feilkas, Martin},
  booktitle={Workshop on Model-Based Engineering of Embedded Real-Time Systems},
  pages={317--322},
  year={2007},
}
 %organization={Springer}

@inproceedings{voss2014design,
  title={Design Space Exploration and its Visualization in AUTOFOCUS3.},
  author={Voss, Sebastian and Eder, Johannes and H{\"o}lzl, Florian},
  booktitle={Software Engineering (Workshops)},
  pages={57--66},
  year={2014}
}
@article{hilbrich2013deploying,
  title={Deploying safety-critical applications on complex avionics hardware architectures},
  author={Hilbrich, Robert and Dieudonn{\'e}, Laurent},
  year={2013},
  publisher={Scientific Research Publishing}
}
@inproceedings{hilbrich2017experiences,
  title={Experiences gained from modeling and solving large mapping problems during system design},
  author={Hilbrich, Robert and Behrisch, Michael},
  booktitle={2017 Annual IEEE International Systems Conference (SysCon)},
  pages={1--8},
  year={2017},
  organization={IEEE}
}
@article{apostu2019automotive,
  title={Automotive software and electrical/electronic architecture: Implications for OEMs},
  author={Apostu, Silviu and Burkacky, Ondrej and Deichmann, Johannes and Doll, Georg},
  journal={McKinsey \& Company, retrieved on 1st May},
  year={2019}
}
@techreport{shavit2007firmware,
  title={Firmware update over the air (FOTA) for automotive industry},
  author={Shavit, Moshe and Gryc, Andy and Miucic, Radovan},
  year={2007},
  institution={SAE Technical Paper}
}
@INPROCEEDINGS{6681152,
  author={Sommer, Stephan and Camek, Alexander and Becker, Klaus and Buckl, Christian and Zirkler, Andreas and Fiege, Ludger and Armbruster, Michael and Spiegelberg, Gernot and Knoll, Alois},
  booktitle={2013 IEEE International Electric Vehicle Conference (IEVC)}, 
  title={RACE: A Centralized Platform Computer Based Architecture for Automotive Applications}, 
  year={2013},
  volume={},
  number={},
  pages={1-6},
  doi={10.1109/IEVC.2013.6681152}}
  
  @incollection{knoll2019race,
  title={The RACE Project: An Informatics-Driven Greenfield Approach to Future E/E Architectures for Cars},
  author={Knoll, Alois and Buckl, Christian and Kuhn, Karl-Josef and Spiegelberg, Gernot},
  booktitle={Automotive Systems and Software Engineering},
  pages={171--195},
  year={2019},
  publisher={Springer}
}
@article{dall2014kvm,
  title={KVM/ARM: the design and implementation of the linux ARM hypervisor},
  author={Dall, Christoffer and Nieh, Jason},
  journal={Acm Sigplan Notices},
  volume={49},
  number={4},
  pages={333--348},
  year={2014},
  publisher={ACM New York, NY, USA}
}
@article{desai2013hypervisor,
  title={Hypervisor: A survey on concepts and taxonomy},
  author={Desai, Ankita and Oza, Rachana and Sharma, Pratik and Patel, Bhautik},
  journal={International Journal of Innovative Technology and Exploring Engineering},
  volume={2},
  number={3},
  pages={222--225},
  year={2013},
  publisher={Citeseer}
}
@article{khan2012network,
  title={Network virtualization: a hypervisor for the Internet?},
  author={Khan, Ashiq and Zugenmaier, Alf and Jurca, Dan and Kellerer, Wolfgang},
  journal={IEEE Communications Magazine},
  volume={50},
  number={1},
  pages={136--143},
  year={2012},
  publisher={IEEE}
}
@techreport{feiler2006architecture,
  title={The architecture analysis \& design language (AADL): An introduction},
  author={Feiler, Peter H and Gluch, David P and Hudak, John J},
  year={2006},
  institution={Carnegie-Mellon Univ Pittsburgh PA Software Engineering Inst}
}
@inproceedings{hottger2015model,
  title={Model-based automotive partitioning and mapping for embedded multicore systems},
  author={H{\"o}ttger, Robert and Krawczyk, Lukas and Igel, Burkhard},
  booktitle={International Conference on Parallel, Distributed Systems and Software Engineering},
  volume={2},
  number={1},
  pages={888},
  year={2015},
  organization={Citeseer}
}
@inproceedings{terzimehic2018optimization,
  title={Optimization and reconfiguration of iec 61499-based software architectures},
  author={Terzimehi{\'c}, Tarik},
  booktitle={Proceedings of the 21st ACM/IEEE International Conference on Model Driven Engineering Languages and Systems: Companion Proceedings},
  pages={180--185},
  year={2018}
}
@article{shapiro2020future,
  title={The Future of Automotive is Software-defined},
  author={Shapiro, Danny},
  journal={ATZelectronics worldwide},
  volume={15},
  number={12},
  pages={72--72},
  year={2020},
  publisher={Springer}
}
@article{singer2020car,
  title={The Car Will Become a Data Center},
  author={Singer, Stefan},
  journal={ATZelectronics worldwide},
  volume={15},
  number={7},
  pages={8--13},
  year={2020},
  publisher={Springer}
}
@ARTICLE{4343688,  author={Sangiovanni-Vincentelli, Alberto and Di Natale, Marco},  journal={Computer},   title={Embedded System Design for Automotive Applications},   year={2007},  volume={40},  number={10},  pages={42-51},  doi={10.1109/MC.2007.344}}

@article{butzkamm_brand_2020, title={E/E Architecture in the HARRI Innovation Platform}, volume={15}, DOI={10.1007/s38314-019-0160-z}, number={3}, journal={ATZelectronics worldwide}, author={Butzkamm, Cornelius and Brand, Konstantin}, year={2020}, pages={18–24}}

@inproceedings{zheng2016next,
  title={Next generation automotive architecture modeling and exploration for autonomous driving},
  author={Zheng, Bowen and Liang, Hengyi and Zhu, Qi and Yu, Huafeng and Lin, Chung-Wei},
  booktitle={2016 IEEE computer society annual symposium on VLSI (ISVLSI)},
  pages={53--58},
  year={2016},
  organization={IEEE}
}
@article{apostu2019automotive,
  title={Automotive software and electrical/electronic architecture: Implications for OEMs},
  author={Apostu, Silviu and Burkacky, Ondrej and Deichmann, Johannes and Doll, Georg},
  journal={McKinsey \& Company, retrieved on 1st May},
  year={2019}
}
@inproceedings{zerfowski2019functional,
  title={Functional architecture and E/E-Architecture--A challenge for the automotive industry},
  author={Zerfowski, Detlef and Lock, Andreas},
  booktitle={19. Internationales Stuttgarter Symposium},
  pages={909--920},
  year={2019},
  organization={Springer}
}
@article{bandur2021making,
  title={Making the Case for Centralized Automotive E/E Architectures},
  author={Bandur, Victor and Selim, Gehan and Pantelic, Vera and Lawford, Mark},
  journal={IEEE Transactions on Vehicular Technology},
  volume={70},
  number={2},
  pages={1230--1245},
  year={2021},
  publisher={IEEE}
}
@inproceedings{brunner2017automotive,
  title={Automotive E/E-architecture enhancements by usage of ethernet TSN},
  author={Brunner, Stefan and Roder, Jurgen and Kucera, Markus and Waas, Thomas},
  booktitle={2017 13th Workshop on Intelligent Solutions in Embedded Systems (WISES)},
  pages={9--13},
  year={2017},
  organization={IEEE}
}

@article{xie2017fast,
  title={Fast functional safety verification for distributed automotive applications during early design phase},
  author={Xie, Guoqi and Zeng, Gang and Liu, Yan and Zhou, Jia and Li, Renfa and Li, Keqin},
  journal={IEEE Transactions on Industrial Electronics},
  volume={65},
  number={5},
  pages={4378--4391},
  year={2017},
  publisher={IEEE}
}

@article{xie2020recent,
  title={Recent advances and future trends for automotive functional safety design methodologies},
  author={Xie, Guoqi and Li, Yanwen and Han, Yunbo and Xie, Yong and Zeng, Gang and Li, Renfa},
  journal={IEEE Transactions on Industrial Informatics},
  volume={16},
  number={9},
  pages={5629--5642},
  year={2020},
  publisher={IEEE}
}
@inproceedings{askaripoor2021flexible,
  title={A Flexible Scheduling Architecture of Resource Distribution Proposal for Autonomous Driving Platforms.},
  author={Askaripoor, Hadi and Shafaei, Sina and Knoll, Alois C},
  booktitle={VEHITS},
  pages={594--599},
  year={2021}
}
@article{xie2018reliability,
  title={Reliability enhancement toward functional safety goal assurance in energy-aware automotive cyber-physical systems},
  author={Xie, Guoqi and Peng, Hao and Li, Zhetao and Song, Jinlin and Xie, Yong and Li, Renfa and Li, Keqin},
  journal={IEEE Transactions on Industrial Informatics},
  volume={14},
  number={12},
  pages={5447--5462},
  year={2018},
  publisher={IEEE}
}
@techreport{schauffele2016architectural,
  title={E/e architectural design and optimization using preevision},
  author={Sch{\"a}uffele, J{\"o}rg},
  year={2016},
  institution={SAE Technical Paper}
}
@inproceedings{broy2006challenges,
  title={Challenges in automotive software engineering},
  author={Broy, Manfred},
  booktitle={Proceedings of the 28th international conference on Software engineering},
  pages={33--42},
  year={2006}
}
@techreport{jiang2019vehicle,
  title={Vehicle e/e architecture and its adaptation to new technical trends},
  author={Jiang, Shugang},
  year={2019},
  institution={SAE Technical Paper}
}
@inproceedings{kugele2014model,
  title={Model-based optimization of automotive e/e architectures},
  author={Kugele, Stefan and Pucea, Gheorghe},
  booktitle={Proceedings of the 6th International Workshop on Constraints in Software Testing, Verification, and Analysis},
  pages={18--29},
  year={2014}
}
@inproceedings{kugele2015deployment,
  title={On the deployment problem of embedded systems},
  author={Kugele, Stefan and Pucea, Gheorghe and Popa, Ramona and Dieudonn{\'e}, Laurent and Eckardt, Horst},
  booktitle={2015 ACM/IEEE International Conference on Formal Methods and Models for Codesign (MEMOCODE)},
  pages={158--167},
  year={2015},
  organization={IEEE}
}
@article{navale2015r,
  title={(R) evolution of E/E architectures},
  author={Navale, Varun M and Williams, Kyle and Lagospiris, Athanassios and Schaffert, Michael and Schweiker, Markus-Alexander},
  journal={SAE International Journal of Passenger Cars-Electronic and Electrical Systems},
  volume={8},
  number={2015-01-0196},
  pages={282--288},
  year={2015}
}

@article{waszecki2013engineer,
  title={How to engineer tool-chains for automotive e/e architectures?},
  author={Waszecki, Peter and Lukasiewycz, Martin and Masrur, Alejandro and Chakraborty, Samarjit},
  journal={ACM SIGBED Review},
  volume={10},
  number={4},
  pages={6--15},
  year={2013},
  publisher={ACM New York, NY, USA}
}@article{meedeniya2011reliability,
  title={Reliability-driven deployment optimization for embedded systems},
  author={Meedeniya, Indika and Buhnova, Barbora and Aleti, Aldeida and Grunske, Lars},
  journal={Journal of Systems and Software},
  volume={84},
  number={5},
  pages={835--846},
  year={2011},
  publisher={Elsevier}
}
@INPROCEEDINGS{9565115,  author={Askaripoor, Hadi and Farzaneh, Morteza Hashemi and Knoll, Alois},  booktitle={2021 IEEE International Intelligent Transportation Systems Conference (ITSC)},   title={A Model-Based Approach to Facilitate Design of Homogeneous Redundant E/E Architectures},   year={2021},  volume={},  number={},  pages={3426 3431},  doi={10.1109/ITSC48978.2021.9565115}}

}

@misc{Zonal,
 author   = "Freddie Holmes, Jack Hunsley, and Jacob Moreton",
 title     = "Zonal E/E architectures the cornerstone of future mobility development",
 year     = "2021",
   note = {Last accessed 30 September 2021},
 url       = "https://www.automotiveworld.com/articles/zonal-e-e-architectures-the-cornerstone-of-future-mobility-development",
  howpublished ={\url{https://www.automotiveworld.com/articles/zonal-e-e-architectures-the-cornerstone-of-future-mobility-development}}
   
 }
 @misc{sotif,
  author = {ISO},
  title = {Safety Of The Intended Functionality (SOTIF)},
  year = {2019},
  note = {Last accessed 16 September 2021},
  url = {https://www.iso.org/standard/70939.html},
  %howpublished ={\url{https://www.iso.org/standard/70939.html}}
}
@misc{eclipse, 
author={Eclipse Foundation, Inc.},
title={The Community for Open Innovation and Collaboration: The Eclipse Foundation},
  year = {2023},
 url={http://www.eclipse.org/}, 
 note = {Last accessed 29 September 2023},
journal={Eclipse RSS},
howpublished ={\url{http://www.eclipse.org/}}

}
@misc{VSA, author = "VSA", title={Volcano Vehicle Systems Architect (VSA)}, url={https://www.mathworks.com/products/connections/product_detail/volcano-vehicle-systems-architect.html}, journal={AUTOSAR and EAST-ADL based design environment for E/E systems - Third-Party Products & Services - MATLAB & Simulink},
    year = "2021",
 note = {Last accessed 1 October 2021},
 howpublished ={\url{https://www.mathworks.com/products/connections/product_detail/volcano-vehicle-systems-architect.html}}
 }
 
 @misc{etas, 
 author = "ETAS",
 title="ASCET-DEVELOPER", 
year = "2021",
 url= "https://www.etas.com/en/products/ascet-developer.php",
 note = "[Online;Last accessed 25 September 2021]", 
 journal={ETAS},
  %howpublished ={\url{https://www.etas.com/en/products/ascet-developer.php}}
 }
 
 
 @misc{ exp,
   author = "Wikipedia",
   title  = "Matrix exponential",
   year   = "2014",
   url    = "http://en.wikipedia.org/wiki/Matrix_exponential",
   note   = "[Online; accessed 12-May-2014]"
 }
 
 @inproceedings{furst2009autosar,
  title={AUTOSAR--A Worldwide Standard is on the Road},
  author={F{\"u}rst, Simon and M{\"o}ssinger, J{\"u}rgen and Bunzel, Stefan and Weber, Thomas and Kirschke-Biller, Frank and Heitk{\"a}mper, Peter and Kinkelin, Gerulf and Nishikawa, Kenji and Lange, Klaus},
  booktitle={14th International VDI Congress Electronic Systems for Vehicles, Baden-Baden},
  volume={62},
  pages={5},
  year={2009}
}
@book{MATLAB:2010,
year = {2010},
author = {MATLAB},
title = {version 7.10.0 (R2010a)},
publisher = {The MathWorks Inc.},
address = {Natick, Massachusetts}
}
@misc{autosarbuilder1,author = "Autosarbilder", year= "2021",
title={Simulation Toolset: Autosarbuilder - Dassault Systemes}, url={https://www.3ds.com/products-services/catia/products/autosar-builder/}, journal={Simulation Toolset | Autosarbuilder - Dassault Systemes}, note = {Last accessed 9 October 2021},
howpublished ={\url{https://www.3ds.com/products-services/catia/products/autosar-builder/}}

}
@misc{autosarbuilder, author = "Autosarbilder", year= "2020", title={Simulation Toolset: Autosarbuilder}, url={https://www.3ds.com/fileadmin/Welcome_to_AUTOSAR_Builder_2020x.pdf}, note = {Last accessed 10 October 2021}
}
%howpublished ={\url{https://www.3ds.com/fileadmin/Welcome_to_AUTOSAR_Builder_2020x.pdf}}

@inproceedings{hamann2004symta,
  title={Symta/s-symbolic timing analysis for systems},
  author={Hamann, Arne and Henia, Rafik and Racu, Razvan and Jersak, Marek and Richter, Kai and Ernst, Rolf},
  booktitle={WIP Proc. Euromicro Conference on Real-Time Systems 2004 (ECRTS04)},
  pages={17--20},
  year={2004},
  organization={Citeseer}
}
@article{henia2005system,
  title={System level performance analysis--the SymTA/S approach},
  author={Henia, Rafik and Hamann, Arne and Jersak, Marek and Racu, Razvan and Richter, Kai and Ernst, Rolf},
  journal={IEE Proceedings-Computers and Digital Techniques},
  volume={152},
  number={2},
  pages={148--166},
  year={2005},
  publisher={IET}
}
@inproceedings{anssi2012chronval,
  title={chronval/chronsim: A tool suite for timing verification of auto-motive applications},
  author={Anssi, Saoussen and Albers, Karsten and D{\"o}rfel, Matthias and G{\'e}rard, S{\'e}bastien},
  booktitle={Embedded Real Time Software and Systems (ERTS2012)},
  year={2012}
}
@misc{inchron, author = "INCHRON", title={ChronVALWorst-Case Timing Analysis},year = {2021}, url={https://www.inchron.com/chronval/},note = {Last accessed  October 2021}, journal={INCHRON AG},
howpublished ={\url{https://www.inchron.com/chronval/}}
}

@techreport{feiler2019open,
  title={The Open Source AADL Tool Environment (OSATE)},
  author={Feiler, Peter},
  year={2019},
  institution={Carnegie Mellon University Software Engineering Institute}
}

@misc{osate, author = "OSATE", title={Welcome to OSATE}, url={https://osate.org/}, journal={Welcome to OSATE - OSATE 2.10.0 documentation}, year={2021}, month={Oct}, note = {Last accessed 11 November 2021},
howpublished ={\url{https://osate.org/}}
}

@misc{gnu, author = "GNU", title={The GNU Linear Programming Kit (GLPK)}, url={ http://www.gnu.org/software/glpk/glpk.html}, 
journal={GNU Software Foundation}, year={2000}, month={Oct}, note = {Last accessed 28 February 2023},
howpublished ={\url{http://www.gnu.org/software/glpk/glpk.html}}
}




%AMakhorin
@misc{ocarina, author = "Ocarina", title={Introduction to Ocarina Plugin}, url={https://ocarina.readthedocs.io/en/latest/introduction.html},year = {2021}, note = {Last accessed  10 November 2021}, journal={2. Introduction - Ocarina m4_esyscmd([git describe --abbrev=7 --dirty --always --tags | tr -d '\n])) documentation},
howpublished ={\url{https://ocarina.readthedocs.io/en/latest/introduction.html}}

}

@article{ocarinapaper,
  title={From the prototype to the final embedded system using the Ocarina AADL tool suite},
  author={Hugues, Jerome and Zalila, Bechir and Pautet, Laurent and Kordon, Fabrice},
  journal={ACM Transactions on Embedded Computing Systems (TECS)},
  volume={7},
  number={4},
  pages={1--25},
  year={2008},
  publisher={ACM New York, NY, USA}
}
@article{behrmann2006uppaal,
  title={Uppaal 4.0},
  author={Behrmann, Gerd and David, Alexandre and Larsen, Kim Guldstrand and H{\aa}kansson, John and Pettersson, Paul and Yi, Wang and Hendriks, Martijn},
  year={2006},
  publisher={Los Alamitos, CA: IEEE Computer Society}
}
@inproceedings{fritzson1998modelica,
  title={Modelica—A unified object-oriented language for system modeling and simulation},
  author={Fritzson, Peter and Engelson, Vadim},
  booktitle={European Conference on Object-Oriented Programming},
  pages={67--90},
  year={1998},
  organization={Springer}
}
@inproceedings{bondarev2006process,
  title={A process for resolving performance trade-offs in component-based architectures},
  author={Bondarev, Egor and Chaudron, Michel and others},
  booktitle={International Symposium on Component Based Software Engineering},
  pages={254--269},
  year={2006},
  organization={Springer}
}
@INPROCEEDINGS{9613692,
  author={Askaripoor, Hadi and Farzaneh, Morteza Hashemi and Knoll, Alois},
  booktitle={2021 26th IEEE International Conference on Emerging Technologies and Factory Automation (ETFA )}, 
  title={A Platform to Configure and Monitor Safety-Critical Applications for Automotive Central Computers}, 
  year={2021},
  volume={},
  number={},
  pages={1-4},
  doi={10.1109/ETFA45728.2021.9613692}}
  
  @article{wang2018networking,
  title={Networking and communications in autonomous driving: A survey},
  author={Wang, Jiadai and Liu, Jiajia and Kato, Nei},
  journal={IEEE Communications Surveys \& Tutorials},
  volume={21},
  number={2},
  pages={1243--1274},
  year={2018},
  publisher={IEEE}
}


 @misc{sotif,
	author = {ISO},
	title = {Safety Of The Intended Functionality (SOTIF)},
	year = {2019},
	note = {Last accessed 16 September 2021},
	url = {https://www.iso.org/standard/70939.html},
	howpublished ={\url{https://www.iso.org/standard/70939.html}}
}
@misc{iso26262, 
    author = {ISO}, 
    title={ISO 26262-1:2018},
    year={2018},
	note = {Last accessed 30 August 2021},
	url={https://www.iso.org/standard/68383.html},
	howpublished ={\url{https://www.iso.org/standard/68383.html}}	
}
@misc{TSN, 
author = {IEEE},
title={Institute of Electrical and Electronics Engineers,
Inc, Time-Sensitive Networking (TSN) Task Group}, 
year={2018},
url={https://1.ieee802.org/tsn/}, %journal={ISO},
%year={2018}, month={Dec},
	note = {Last accessed 21 May 2020},
	
	howpublished ={\url{https://1.ieee802.org/tsn/}}
	
}


@article{askaripoor2022architecture,
	title={E/E Architecture Synthesis: Challenges and Technologies},
	author={Askaripoor, Hadi and Hashemi Farzaneh, Morteza and Knoll, Alois},
	journal={Electronics},
	volume={11},
	number={4},
	pages={518},
	year={2022},
	publisher={MDPI}
}


@INPROCEEDINGS{9613692,  author={Askaripoor, Hadi and Farzaneh, Morteza Hashemi and Knoll, Alois},  booktitle={2021 26th IEEE International Conference on Emerging Technologies and Factory Automation (ETFA )},   title={A Platform to Configure and Monitor Safety-Critical Applications for Automotive Central Computers},   year={2021},  volume={},  number={},  pages={1-4},  doi={10.1109/ETFA45728.2021.9613692}}
@inproceedings{zhang2014task,
	title={Task-and network-level schedule co-synthesis of Ethernet-based time-triggered systems},
	author={Zhang, Licong and Goswami, Dip and Schneider, Reinhard and Chakraborty, Samarjit},
	booktitle={2014 19th Asia and South Pacific Design Automation Conference (ASP-DAC)},
	pages={119--124},
	year={2014},
	organization={IEEE}
}
@inproceedings{smirnov2017optimizing,
	title={Optimizing message routing and scheduling in automotive mixed-criticality time-triggered networks},
	author={Smirnov, Fedor and Gla{\ss}, Michael and Reimann, Felix and Teich, J{\"u}rgen},
	booktitle={2017 54th ACM/EDAC/IEEE Design Automation Conference (DAC)},
	pages={1--6},
	year={2017},
	organization={IEEE}
}
@INPROCEEDINGS{9212001,  author={Askaripoor, Hadi and Farzaneh, Morteza Hashemi and Knoll, Alois},  booktitle={2020 25th IEEE International Conference on Emerging Technologies and Factory Automation (ETFA)},   title={Considering Safety Requirements in Design Phase of Future E/E Architectures},   year={2020},  volume={1},  number={},  pages={1165-1168},  doi={10.1109/ETFA46521.2020.9212001}}
@misc{gurobi,
	author = {{Gurobi Optimization, LLC}},
	title = {{Gurobi Optimizer Reference Manual}},
	year = 2022,
	url = "https://www.gurobi.com"
}
@book{williams2013model,
	title={Model building in mathematical programming},
	author={Williams, H Paul},
	year={2013},
	publisher={John Wiley \& Sons}
}
 @misc{siriusweb,
	author = {Eclipse},
	title = {Sirius Web},
	year = {2022},
	note = {Last accessed 16 September 2022},
	url = {https://www.eclipse.org/sirius/sirius-web.html},
		howpublished ={\url{https://www.eclipse.org/sirius/sirius-web.html}}
}
@inproceedings{aleti2009archeopterix,
	title={ArcheOpterix: An extendable tool for architecture optimization of AADL models},
	author={Aleti, Aldeida and Bjornander, Stefan and Grunske, Lars and Meedeniya, Indika},
	booktitle={2009 ICSE Workshop on Model-Based Methodologies for Pervasive and Embedded Software},
	pages={61--71},
	year={2009},
	organization={IEEE}
}
@inproceedings{becker2014mechatronicuml,
	title={The mechatronicuml method: Model-driven software engineering of self-adaptive mechatronic systems},
	author={Becker, Steffen and Dziwok, Stefan and Gerking, Christopher and Heinzemann, Christian and Sch{\"a}fer, Wilhelm and Meyer, Matthias and Pohlmann, Uwe},
	booktitle={Companion Proceedings of the 36th International Conference on Software Engineering},
	pages={614--615},
	year={2014}
}
@incollection{burmester2004model,
	title={Model-driven development of reconfigurable mechatronic systems with mechatronic UML},
	author={Burmester, Sven and Giese, Holger and Tichy, Matthias},
	booktitle={Model Driven Architecture},
	pages={47--61},
	year={2004},
	publisher={Springer}
}
@inproceedings{bengtsson1995uppaal,
	title={UPPAAL—a tool suite for automatic verification of real-time systems},
	author={Bengtsson, Johan and Larsen, Kim and Larsson, Fredrik and Pettersson, Paul and Yi, Wang},
	booktitle={International hybrid systems workshop},
	pages={232--243},
	year={1995},
	organization={Springer}
}
@article{aravantinos2015autofocus,
	title={AutoFOCUS 3: Tooling Concepts for Seamless, Model-based Development of Embedded Systems.},
	author={Aravantinos, Vincent and Voss, Sebastian and Teufl, Sabine and H{\"o}lzl, Florian and Sch{\"a}tz, Bernhard},
	journal={ACES-MB\&WUCOR@ MoDELS},
	volume={1508},
	pages={19--26},
	year={2015}
}
@inproceedings{hilbrich2011model,
	title={Model-based generation of static schedules for safety critical multi-core systems in the avionics domain},
	author={Hilbrich, Robert and Goltz, Hans-Joachim},
	booktitle={Proceedings of the 4th International Workshop on Multicore Software Engineering},
	pages={9--16},
	year={2011}
}
@techreport{feiler2019open,
	title={The open source aadl tool environment (osate)},
	author={Feiler, Peter},
	year={2019},
	institution={Carnegie Mellon University Software Engineering Institute}
}
@techreport{feiler2006architecture,
	title={The architecture analysis \& design language (AADL): An introduction},
	author={Feiler, Peter H and Gluch, David P and Hudak, John J},
	year={2006},
	institution={Carnegie-Mellon Univ Pittsburgh PA Software Engineering Inst}
}
@article{hottger2017app4mc,
	title={APP4MC: Application platform project for multi-and many-core systems},
	author={H{\"o}ttger, Robert and Mackamul, Harald and Sailer, Andreas and Stegh{\"o}fer, Jan-Philipp and Tessmer, J{\"o}rg},
	journal={it Information Technology},
	volume={59},
	number={5},
	pages={243--251},
	year={2017},
	publisher={De Gruyter Oldenbourg}
}
@inproceedings{smirnov2017optimizing,
	title={Optimizing message routing and scheduling in automotive mixed-criticality time-triggered networks},
	author={Smirnov, Fedor and Gla{\ss}, Michael and Reimann, Felix and Teich, J{\"u}rgen},
	booktitle={2017 54th ACM/EDAC/IEEE Design Automation Conference (DAC)},
	pages={1--6},
	year={2017},
	organization={IEEE}
}
@inproceedings{farzaneh2017graphical,
	title={A graphical modeling tool supporting automated schedule synthesis for time-sensitive networking},
	author={Farzaneh, Morteza Hashemi and Kugele, Stefan and Knoll, Alois},
	booktitle={2017 22nd IEEE International Conference on Emerging Technologies and Factory Automation (ETFA)},
	pages={1--8},
	year={2017},
	organization={IEEE}
}
@article{atallah2019routing,
	title={Routing and scheduling of time-triggered traffic in time-sensitive networks},
	author={Atallah, Ayman A and Hamad, Ghaith Bany and Mohamed, Otmane Ait},
	journal={IEEE Transactions on Industrial Informatics},
	volume={16},
	number={7},
	pages={4525--4534},
	year={2019},
	publisher={IEEE}
}
@inproceedings{askaripoor2021flexible,
	title={A Flexible Scheduling Architecture of Resource Distribution Proposal for Autonomous Driving Platforms.},
	author={Askaripoor, Hadi and Shafaei, Sina and Knoll, Alois C},
	booktitle={VEHITS},
	pages={594--599},
	year={2021}
}
@article{selic2003pragmatics,
	title={The pragmatics of model-driven development},
	author={Selic, Bran},
	journal={IEEE software},
	volume={20},
	number={5},
	pages={19--25},
	year={2003},
	publisher={IEEE}
}

@INPROCEEDINGS{7336300,
  author={Edman, Rob and Shackleton, Hazel and Shackleton, John and Smith, Tyler and Vestal, Steve},
  booktitle={2015 IEEE 17th International Conference on High Performance Computing and Communications, 2015 IEEE 7th International Symposium on Cyberspace Safety and Security, and 2015 IEEE 12th International Conference on Embedded Software and Systems}, 
  title={A Framework for Compositional Timing Analysis of Embedded Computer Systems}, 
  year={2015},
  volume={},
  number={},
  pages={1001-1004},
  doi={10.1109/HPCC-CSS-ICESS.2015.239}}
@INPROCEEDINGS{8560591,
  author={Terzimehic, Tarik and Voss, Sebastian and Wenger, Monika},
  booktitle={2018 IEEE 14th International Conference on Automation Science and Engineering (CASE)}, 
  title={Using Design Space Exploration to Calculate Deployment Configurations of IEC 61499-based Systems}, 
  year={2018},
  volume={},
  number={},
  pages={881-886},
  doi={10.1109/COASE.2018.8560591}}
@inproceedings{zimmermann2018optimization,
  title={Optimization of systems with nested design space},
  author={Zimmermann, Armin and Maschotta, Ralph and Wichmann, Alexander and Hilbrich, Robert},
  booktitle={2018 Annual IEEE International Systems Conference (SysCon)},
  pages={1--8},
  year={2018},
  organization={IEEE}
}

@article{xie2017minimizing,
  title={Minimizing development cost with reliability goal for automotive functional safety during design phase},
  author={Xie, Guoqi and Chen, Yuekun and Liu, Yan and Li, Renfa and Li, Keqin},
  journal={IEEE Transactions on Reliability},
  volume={67},
  number={1},
  pages={196--211},
  year={2017},
  publisher={IEEE}
}
@book{gan2014tradeoff,
  title={Tradeoff analysis for dependable real-time embedded systems during the early design phases},
  author={Gan, Junhe and Pop, Paul and Madsen, Jan},
  year={2014},
  publisher={DTU Compute}
}
@inproceedings{tamacs2011optimization,
  title={Optimization of time-partitions for mixed criticality real-time distributed embedded systems},
  author={Tama{\c{s}}-Selicean, Domitian and Pop, Paul},
  booktitle={2011 14th IEEE International Symposium on Object/Component/Service-Oriented Real-Time Distributed Computing Workshops},
  pages={1--10},
  year={2011},
  organization={IEEE}
}
@inproceedings{lukasiewycz2014system,
  title={System simulation and optimization using reconfigurable hardware},
  author={Lukasiewycz, Martin and Shreejith, Shanker and Fahmy, Suhaib A},
  booktitle={2014 International Symposium on Integrated Circuits (ISIC)},
  pages={468--471},
  year={2014},
  organization={IEEE}
}
@inproceedings{lukasiewycz2009combined,
  title={Combined system synthesis and communication architecture exploration for MPSoCs},
  author={Lukasiewycz, Martin and Streubuhr, Martin and Gla{\ss}, Michael and Haubelt, Christian and Teich, Jurgen},
  booktitle={2009 Design, Automation \& Test in Europe Conference \& Exhibition},
  pages={472--477},
  year={2009},
  organization={IEEE}
}
@inproceedings{nayak2016time,
  title={Time-sensitive software-defined network (TSSDN) for real-time applications},
  author={Nayak, Naresh Ganesh and D{\"u}rr, Frank and Rothermel, Kurt},
  booktitle={Proceedings of the 24th International Conference on Real-Time Networks and Systems},
  pages={193--202},
  year={2016}
}
@inproceedings{smirnov2018automatic,
  title={Automatic optimization of redundant message routings in automotive networks},
  author={Smirnov, Fedor and Reimann, Felix and Teich, J{\"u}rgen and Han, Zhao and Gla{\ss}, Michael},
  booktitle={Proceedings of the 21st International Workshop on Software and Compilers for Embedded Systems},
  pages={90--99},
  year={2018}
}

@inproceedings{smirnov2017optimizing,
  title={Optimizing message routing and scheduling in automotive mixed-criticality time-triggered networks},
  author={Smirnov, Fedor and Gla{\ss}, Michael and Reimann, Felix and Teich, J{\"u}rgen},
  booktitle={Proceedings of the 54th Annual Design Automation Conference 2017},
  pages={1--6},
  year={2017}
}

@inproceedings{gavrilut2017fault,
  title={Fault-tolerant topology and routing synthesis for IEEE time-sensitive networking},
  author={Gavrilut, Voica and Zarrin, Bahram and Pop, Paul and Samii, Soheil},
  booktitle={Proceedings of the 25th International Conference on Real-Time Networks and Systems},
  pages={267--276},
  year={2017}
}
@inproceedings{smirnov2019variety,
  title={Variety-aware Routing Encoding for Efficient Design Space Exploration of Automotive Communication Networks.},
  author={Smirnov, Fedor and Pourmohseni, Behnaz and Gla{\ss}, Michael and Teich, J{\"u}rgen},
  booktitle={VEHITS},
  pages={242--253},
  year={2019}
}
@inproceedings{zheng2005extensible,
  title={Extensible and scalable time triggered scheduling},
  author={Zheng, Wei and Chong, Jike and Pinello, Claudio and Kanajan, Sri and Sangiovanni-Vincentelli, Alberto},
  booktitle={Fifth International Conference on Application of Concurrency to System Design (ACSD'05)},
  pages={132--141},
  year={2005},
  organization={IEEE}
}

@article{sagstetter2015multischedule,
  title={Multischedule synthesis for variant management in automotive time-triggered systems},
  author={Sagstetter, Florian and Waszecki, Peter and Steinhorst, Sebastian and Lukasiewycz, Martin and Chakraborty, Samarjit},
  journal={IEEE Transactions on Computer-Aided Design of Integrated Circuits and Systems},
  volume={35},
  number={4},
  pages={637--650},
  year={2015},
  publisher={IEEE}
}
@inproceedings{lukasiewycz2012concurrent,
  title={Concurrent architecture and schedule optimization of time-triggered automotive systems},
  author={Lukasiewycz, Martin and Chakraborty, Samarjit},
  booktitle={Proceedings of the eighth IEEE/ACM/IFIP international conference on Hardware/software codesign and system synthesis},
  pages={383--392},
  year={2012}
}
@ARTICLE{8889667,
  author={Atallah, Ayman A. and Hamad, Ghaith Bany and Mohamed, Otmane Ait},
  journal={IEEE Transactions on Industrial Informatics}, 
  title={Routing and Scheduling of Time-Triggered Traffic in Time-Sensitive Networks}, 
  year={2020},
  volume={16},
  number={7},
  pages={4525-4534},
  doi={10.1109/TII.2019.2950887}}
@article{mody2018understanding,
  title={Understanding vehicle E/E architecture topologies for automated driving: System partitioning and tradeoff parameters},
  author={Mody, Mihir and Jones, Jason and Chitnis, Kedar and Sagar, Rajat and Shurtz, Gregory and Dutt, Yashwant and Koul, Manoj and Biju, MG and Dubey, Aish},
  journal={Electronic Imaging},
  volume={2018},
  number={17},
  pages={358--1},
  year={2018},
  publisher={Society for Imaging Science and Technology}
}
@inproceedings{zerfowski2019functional,
  title={Functional architecture and E/E-Architecture--A challenge for the automotive industry},
  author={Zerfowski, Detlef and Lock, Andreas},
  booktitle={19. Internationales Stuttgarter Symposium: Automobil-und Motorentechnik},
  pages={909--920},
  year={2019},
  organization={Springer}
}
@article{van2018functional,
  title={Functional safety for automotive ethernet networks},
  author={van Dijk, Luc and Sporer, G{\"u}nter},
  journal={Journal of Traffic and Transportation Engineering},
  volume={6},
  number={4},
  pages={176--182},
  year={2018}
}
@article{abdulkhaleq2017using,
  title={Using STPA in compliance with ISO 26262 for developing a safe architecture for fully automated vehicles},
  author={Abdulkhaleq, Asim and Wagner, Stefan and Lammering, Daniel and Boehmert, Hagen and Blueher, Pierre},
  journal={arXiv preprint arXiv:1703.03657},
  year={2017}
}
@article{yoneda2019network,
  title={Network-on-Chip based multiple-core centralized ECUs for safety-critical automotive applications},
  author={Yoneda, Tomohiro and Imai, Masashi and Saito, Hiroshi and Mochizuki, Akira and Hanyu, Takahiro and Kise, Kenji and Nakamura, Yuichi},
  journal={VLSI Design and Test for Systems Dependability},
  pages={607--633},
  year={2019},
  publisher={Springer}
}
@article{aniculaesei2016towards,
  title={Towards the verification of safety-critical autonomous systems in dynamic environments},
  author={Aniculaesei, Adina and Arnsberger, Daniel and Howar, Falk and Rausch, Andreas},
  journal={arXiv preprint arXiv:1612.04977},
  year={2016}
}
@article{chitnis2017enabling,
  title={Enabling functional safety ASIL compliance for autonomous driving software systems},
  author={Chitnis, Kedar and Mody, Mihir and Swami, Pramod and Sivaraj, R and Ghone, Chaitanya and Biju, MG and Narayanan, Badri and Dutt, Yashwant and Dubey, Aish},
  journal={Electronic Imaging},
  volume={29},
  pages={35--40},
  year={2017},
  publisher={Society for Imaging Science and Technology}
}
@inproceedings{haupt2019runtime,
  title={A runtime safety monitoring approach for adaptable autonomous systems},
  author={Haupt, Nikita Bhardwaj and Liggesmeyer, Peter},
  booktitle={Computer Safety, Reliability, and Security: SAFECOMP 2019 Workshops, ASSURE, DECSoS, SASSUR, STRIVE, and WAISE, Turku, Finland, September 10, 2019, Proceedings 38},
  pages={166--177},
  year={2019},
  organization={Springer}
}
@inproceedings{gosavi2018application,
  title={Application of functional safety in autonomous vehicles using ISO 26262 standard: A survey},
  author={Gosavi, Mukul Anil and Rhoades, Benjamin B and Conrad, James M},
  booktitle={SoutheastCon 2018},
  pages={1--6},
  year={2018},
  organization={IEEE}
}
@inproceedings{tlig2018autonomous,
  title={Autonomous driving system: Model based safety analysis},
  author={Tlig, Mohamed and Machin, Mathilde and Kerneis, Romain and Arbaretier, Emmanuel and Zhao, Linda and Meurville, Florent and Van Frank, Jean},
  booktitle={2018 48th Annual IEEE/IFIP International Conference on Dependable Systems and Networks Workshops (DSN-W)},
  pages={2--5},
  year={2018},
  organization={IEEE}
}
@inproceedings{craciunas2016scheduling,
  title={Scheduling real-time communication in IEEE 802.1 Qbv time sensitive networks},
  author={Craciunas, Silviu S and Oliver, Ramon Serna and Chmel{\'\i}k, Martin and Steiner, Wilfried},
  booktitle={Proceedings of the 24th International Conference on Real-Time Networks and Systems},
  pages={183--192},
  year={2016}
}

@article{ashjaei2017schedulability,
  title={Schedulability analysis of Ethernet Audio Video Bridging networks with scheduled traffic support},
  author={Ashjaei, Mohammad and Patti, Gaetano and Behnam, Moris and Nolte, Thomas and Alderisi, Giuliana and Lo Bello, Lucia},
  journal={Real-Time Systems},
  volume={53},
  pages={526--577},
  year={2017},
  publisher={Springer}
}
@inproceedings{farzaneh2017time,
  title={Time-sensitive networking (TSN): An experimental setup},
  author={Farzaneh, Morteza Hashemi and Knoll, Alois},
  booktitle={2017 IEEE Vehicular Networking Conference (VNC)},
  pages={23--26},
  year={2017},
  organization={IEEE}
}
@book{vanderbei2020linear,
  title={Linear programming},
  author={Vanderbei, Robert J and others},
  year={2020},
  publisher={Springer}
}
@article{floudas2005mixed,
  title={Mixed integer linear programming in process scheduling: Modeling, algorithms, and applications},
  author={Floudas, Christodoulos A and Lin, Xiaoxia},
  journal={Annals of Operations Research},
  volume={139},
  pages={131--162},
  year={2005},
  publisher={Springer}
}
@article{selic2003pragmatics,
  title={The pragmatics of model-driven development},
  author={Selic, Bran},
  journal={IEEE software},
  volume={20},
  number={5},
  pages={19--25},
  year={2003},
  publisher={IEEE}
}
@article{atkinson2003model,
  title={Model-driven development: a metamodeling foundation},
  author={Atkinson, Colin and Kuhne, Thomas},
  journal={IEEE software},
  volume={20},
  number={5},
  pages={36--41},
  year={2003},
  publisher={IEEE}
}

@inproceedings{de2013software,
  title={Software engineering for self-adaptive systems: A second research roadmap},
  author={De Lemos, Rog{\'e}rio and Giese, Holger and M{\"u}ller, Hausi A and Shaw, Mary and Andersson, Jesper and Litoiu, Marin and Schmerl, Bradley and Tamura, Gabriel and Villegas, Norha M and Vogel, Thomas and others},
  booktitle={Software Engineering for Self-Adaptive Systems II: International Seminar, Dagstuhl Castle, Germany, October 24-29, 2010 Revised Selected and Invited Papers},
  pages={1--32},
  year={2013},
  organization={Springer}
}

@article{cplex2009v12,
  title={V12. 1: User’s Manual for CPLEX},
  author={Cplex, IBM ILOG},
  journal={International Business Machines Corporation},
  volume={46},
  number={53},
  pages={157},
  year={2009}
}

@book{junger200950,
  title={50 Years of integer programming 1958-2008: From the early years to the state-of-the-art},
  author={J{\"u}nger, Michael and Liebling, Thomas M and Naddef, Denis and Nemhauser, George L and Pulleyblank, William R and Reinelt, Gerhard and Rinaldi, Giovanni and Wolsey, Laurence A},
  year={2009},
  publisher={Springer Science \& Business Media}
}


@book{poole2010artificial,
  title={Artificial Intelligence: foundations of computational agents},
  author={Poole, David L and Mackworth, Alan K},
  year={2010},
  publisher={Cambridge University Press}
}
@book{russell2010artificial,
  title={Artificial intelligence a modern approach},
  author={Russell, Stuart J},
  year={2010},
  publisher={Pearson Education, Inc.}
}
@article{fortnow2009status,
  title={The status of the P versus NP problem},
  author={Fortnow, Lance},
  journal={Communications of the ACM},
  volume={52},
  number={9},
  pages={78--86},
  year={2009},
  publisher={ACM New York, NY, USA}
}
@inproceedings{garey1974some,
  title={Some simplified NP-complete problems},
  author={Garey, Michael R and Johnson, David S and Stockmeyer, Larry},
  booktitle={Proceedings of the sixth annual ACM symposium on Theory of computing},
  pages={47--63},
  year={1974}
}
@article{lawler1966branch,
  title={Branch-and-bound methods: A survey},
  author={Lawler, Eugene L and Wood, David E},
  journal={Operations research},
  volume={14},
  number={4},
  pages={699--719},
  year={1966},
  publisher={INFORMS}
}

@article{lynce2004computing,
  title={On computing minimum unsatisfiable cores},
  author={Lynce, In{\^e}s and Marques-Silva, Joao P},
  year={2004}
}
@inproceedings{dershowitz2006scalable,
  title={A scalable algorithm for minimal unsatisfiable core extraction},
  author={Dershowitz, Nachum and Hanna, Ziyad and Nadel, Alexander},
  booktitle={Theory and Applications of Satisfiability Testing-SAT 2006: 9th International Conference, Seattle, WA, USA, August 12-15, 2006. Proceedings 9},
  pages={36--41},
  year={2006},
  organization={Springer}
}
@article{gunantara2018review,
  title={A review of multi-objective optimization: Methods and its applications},
  author={Gunantara, Nyoman},
  journal={Cogent Engineering},
  volume={5},
  number={1},
  pages={1502242},
  year={2018},
  publisher={Taylor \& Francis}
}
@article{arsham2006big,
  title={A big-M free solution algorithm for general linear programs},
  author={Arsham, Hossein},
  journal={International Journal of Pure and Applied Mathematics},
  volume={32},
  number={4},
  pages={549},
  year={2006},
  publisher={Academic Publications}
}

@ARTICLE{askaripoor2023designer,
  author={Askaripoor, Hadi and Mueller, Thilo and Knoll, Alois},
  journal={IEEE Transactions on Intelligent Vehicles}, 
  title={E/E Designer: a Framework to Design and Synthesize Vehicle E/E Architecture}, 
  year={2023},
  volume={},
  number={},
  pages={1-18},
  doi={10.1109/TIV.2023.3324617}}

@electronic{NVIDIA,
 author   = "NVIDIA",
 year     = "2021",
 title     = "NVIDIA DRIVE HARDWARE",
 url       = "https://www.nvidia.com/en-us/self-driving-cars/drive-platform/hardware/"
}

@electronic{KALRAY,
 author   = "KALRAY",
 year     = "2020",
 title     = "Safe compute acceleration for automotive",
 url       = "https://www.kalrayinc.com/automotive/"
}
@electronic{RENESAS,
 author   = "RENESAS",
 year     = "2021",
 title     = "R-Car-H3-M3-Starter-Kit",
 url       = "https://www.renesas.com/jp/en/products/automotive-products/automotive-system-chips-socs/r-car-h3-m3-starter-kit"
}

@electronic{AVA,
 author   = "ADLINK",
 year     = "2021",
 title     = "ADLINK AVA-3501",
 url       = "https://www.adlinktech.com/en/Connected-Autonomous-Vehicle-Solutions"
}
@electronic{Nuvo,
 author   = "Neosys",
 year     = "2021",
 title     = "Nuvo-7208VTC",
 url       = "https://omtec.de/industrie-pc/rugged-embedded/nuvo-7000-serie/nuvo-7208vtc"
}

@electronic{STM,
 author   = "ST",
 year     = "2023",
 title     = "STM32L476VG",
 url       = "https://www.st.com/en/evaluation-tools/stm32-nucleo-boards.html"
}

@electronic{Intel,
 author   = "Intel",
 year     = "2023",
 title     = "Inteli210",
 url       = "https://www.intel.com/content/www/us/en/products/details/ethernet/gigabit-controllers/i210-controllers.html"
}

@inproceedings{correll2005design,
  title={Design considerations for software only implementations of the IEEE 1588 precision time protocol},
  author={Correll, Kendall and Barendt, Nick and Branicky, Michael},
  booktitle={Conference on IEEE},
  volume={1588},
  number={11},
  year={2005}
}

@inproceedings{leontyev2007tardiness,
  title={Tardiness bounds for FIFO scheduling on multiprocessors},
  author={Leontyev, Hennadiy and Anderson, James H},
  booktitle={19th Euromicro Conference on Real-Time Systems (ECRTS'07)},
  pages={71--71},
  year={2007},
  organization={IEEE}
}
@article{rasmussen2008round,
  title={Round robin scheduling--a survey},
  author={Rasmussen, Rasmus V and Trick, Michael A},
  journal={European Journal of Operational Research},
  volume={188},
  number={3},
  pages={617--636},
  year={2008},
  publisher={Elsevier}
}
@book{buning1999propositional,
  title={Propositional logic: deduction and algorithms},
  author={B{\"u}ning, Hans Kleine and Lettmann, Theodor},
  volume={48},
  year={1999},
  publisher={Cambridge University Press}
}
@book{biere2009handbook,
  title={Handbook of satisfiability},
  author={Biere, Armin and Heule, Marijn and van Maaren, Hans},
  volume={185},
  year={2009},
  publisher={IOS press}
}
@inproceedings{sulflow2008using,
  title={Using unsatisfiable cores to debug multiple design errors},
  author={S{\"u}lflow, Andr{\'e} and Fey, Goerschwin and Bloem, Roderick and Drechsler, Rolf},
  booktitle={Proceedings of the 18th ACM Great Lakes symposium on VLSI},
  pages={77--82},
  year={2008}
}
@article{lynce2004computing,
  title={On computing minimum unsatisfiable cores},
  author={Lynce, In{\^e}s and Marques-Silva, Joao P},
  year={2004}
}
@inproceedings{mneimneh2005branch,
  title={A branch-and-bound algorithm for extracting smallest minimal unsatisfiable formulas},
  author={Mneimneh, Maher and Lynce, In{\^e}s and Andraus, Zaher and Marques-Silva, Jo{\~a}o and Sakallah, Karem},
  booktitle={Theory and Applications of Satisfiability Testing: 8th International Conference, SAT 2005, St Andrews, UK, June 19-23, 2005. Proceedings 8},
  pages={467--474},
  year={2005},
  organization={Springer}
}
@inproceedings{de2003finding,
  title={Finding all minimal unsatisfiable subsets},
  author={de la Banda, Maria Garcia and Stuckey, Peter J and Wazny, Jeremy},
  booktitle={Proceedings of the 5th ACM SIGPLAN international conference on Principles and practice of declaritive programming},
  pages={32--43},
  year={2003}
}
@inproceedings{bailey2005discovery,
  title={Discovery of minimal unsatisfiable subsets of constraints using hitting set dualization},
  author={Bailey, James and Stuckey, Peter J},
  booktitle={Practical Aspects of Declarative Languages: 7th International Symposium, PADL 2005, Long Beach, CA, USA, January 10-11, 2005. Proceedings 7},
  pages={174--186},
  year={2005},
  organization={Springer}
}
@article{liffiton2008algorithms,
  title={Algorithms for computing minimal unsatisfiable subsets of constraints},
  author={Liffiton, Mark H and Sakallah, Karem A},
  journal={Journal of Automated Reasoning},
  volume={40},
  pages={1--33},
  year={2008},
  publisher={Springer}
}

@article{liffiton2016fast,
  title={Fast, flexible MUS enumeration},
  author={Liffiton, Mark H and Previti, Alessandro and Malik, Ammar and Marques-Silva, Joao},
  journal={Constraints},
  volume={21},
  pages={223--250},
  year={2016},
  publisher={Springer}
}

@article{gleeson1990identifying,
  title={Identifying minimally infeasible subsystems of inequalities},
  author={Gleeson, John and Ryan, Jennifer},
  journal={ORSA Journal on Computing},
  volume={2},
  number={1},
  pages={61--63},
  year={1990},
  publisher={INFORMS}
}

@book{kleiman2009brute,
  title={When brute force fails: How to have less crime and less punishment},
  author={Kleiman, Mark AR},
  year={2009},
  publisher={Princeton University Press}
}
@inproceedings{de2008z3,
  title={Z3: An efficient SMT solver},
  author={De Moura, Leonardo and Bj{\o}rner, Nikolaj},
  booktitle={International conference on Tools and Algorithms for the Construction and Analysis of Systems},
  pages={337--340},
  year={2008},
  organization={Springer}
}
@article{schild2000scheduling,
  title={Scheduling of time-triggered real-time systems},
  author={Schild, Klaus and W{\"u}rtz, J{\"o}rg},
  journal={Constraints},
  volume={5},
  pages={335--357},
  year={2000},
  publisher={Springer}
}

@inproceedings{lukasiewycz2012modular,
  title={Modular scheduling of distributed heterogeneous time-triggered automotive systems},
  author={Lukasiewycz, Martin and Schneider, Reinhard and Goswami, Dip and Chakraborty, Samarjit},
  booktitle={17th Asia and South Pacific design automation conference},
  pages={665 670},
  year={2012},
  organization={IEEE}
}
@article{zeng2010schedule,
  title={Schedule optimization of time-triggered systems communicating over the FlexRay static segment},
  author={Zeng, Haibo and Di Natale, Marco and Ghosal, Arkadeb and Sangiovanni-Vincentelli, Alberto},
  journal={IEEE Transactions on Industrial Informatics},
  volume={7},
  number={1},
  pages={1--17},
  year={2010},
  publisher={IEEE}
}
@article{tabuada2007event,
  title={Event-triggered real-time scheduling of stabilizing control tasks},
  author={Tabuada, Paulo},
  journal={IEEE Transactions on Automatic control},
  volume={52},
  number={9},
  pages={1680--1685},
  year={2007},
  publisher={IEEE}
}
@inproceedings{bozdal2018survey,
  title={A survey on can bus protocol: Attacks, challenges, and potential solutions},
  author={Bozdal, Mehmet and Samie, Mohammad and Jennions, Ian},
  booktitle={2018 International Conference on Computing, Electronics \& Communications Engineering (iCCECE)},
  pages={201--205},
  year={2018},
  organization={IEEE}
}


@electronic{CAN,
 author   = "CAN Bus",
 year     = "2023",
 title     = "CAN Bus",
 url       = "https://www.csselectronics.com/pages/can-bus-simple-intro-tutorial"
}


@electronic{CANDis,
 author   = "CAN Bus Dis",
 year     = "2023",
 title     = "CAN Bus",
 url       = "https://www.itrelease.com/2021/12/advantages-and-disadvantages-of-controller-area-network-can/"
}

@article{leen2002ttcan,
  title={TTCAN: a new time-triggered controller area network},
  author={Leen, Gabriel and Heffernan, Donal},
  journal={Microprocessors and Microsystems},
  volume={26},
  number={2},
  pages={77--94},
  year={2002},
  publisher={Elsevier}
}

@inproceedings{makowitz2006flexray,
  title={Flexray-a communication network for automotive control systems},
  author={Makowitz, Rainer and Temple, Christopher},
  booktitle={2006 IEEE International Workshop on Factory Communication Systems},
  pages={207--212},
  year={2006},
  organization={IEEE}
}

@electronic{Flexray,
 author   = "FlexRay",
 year     = "2023",
 title     = "FlexRay Bus",
 url       = "https://automotivetechis.wordpress.com/flexray/#:~:text=Disadvantages%20of%20Flexray%3A,%2C%20non%2Dsafety%20critical%20applications"
}
@article{denuto2001lin,
  title={LIN Bus and its Potential for use in Distributed Multiplex Applications},
  author={DeNuto, John V and Ewbank, Stephen and Kleja, Francis and Lupini, Christopher A and Perisho Jr, Robert A},
  journal={SAE transactions},
  pages={135--142},
  year={2001},
  publisher={JSTOR}
}

@electronic{LIN,
 author   = "LIN Bus",
 year     = "2023",
 title     = "LIN Bus",
 url       = "https://www.ni.com/en/shop/seamlessly-connect-to-third-party-devices-and-supervisory-system/introduction-to-the-local-interconnect-network-lin-bus.html"
}
@article{samii2018level,
  title={Level 5 by layer 2: Time-sensitive networking for autonomous vehicles},
  author={Samii, Soheil and Zinner, Helge},
  journal={IEEE Communications Standards Magazine},
  volume={2},
  number={2},
  pages={62--68},
  year={2018},
  publisher={IEEE}
}
@book{matheus2021automotive,
  title={Automotive ethernet},
  author={Matheus, Kirsten and K{\"o}nigseder, Thomas},
  year={2021},
  publisher={Cambridge University Press}
}

@electronic{AutomotiveEt,
 author   = "Automotive Ethernet",
 year     = "2023",
 title     = "Automotive Ethernet",
 url       = "https://www.plm.automation.siemens.com/global/en/our-story/glossary/what-is-automotive-ethernet/109722"
}
@electronic{AutomotiveEt1,
 author   = "Automotive TekEthernet",
 year     = "2023",
 title     = "Automotive Ethernet",
 url       = "https://www.tek.com/en/solutions/industry/automotive-test-solutions/in-vehicle-networks/automotive-ethernet"
}
 %url       = "https://www.tek.com/en/solutions/industry/automotive-test-solutions/in-vehicle-%networks/automotive-ethernet"

@article{finn2018introduction,
  title={Introduction to time-sensitive networking},
  author={Finn, Norman},
  journal={IEEE Communications Standards Magazine},
  volume={2},
  number={2},
  pages={22--28},
  year={2018},
  publisher={IEEE}
}

@electronic{IEC61508,
 author   = "International Electrotechnical Commission",
 year     = "2023",
 title     = "IEC 61508",
 url       = "https://webstore.iec.ch/publication/5515"
}
@electronic{ASIL,
 author   = "Perforce",
 year     = "2023",
 title     = "ASIL Level",
 url       = "    https://www.perforce.com/blog/qac/what-is-iso-26262#:~:text=Automotive"
}

@misc{international2017electric,
  title={Electric components- Reliability- Reference conditions for failure rates and stress models for conversion: IEC 61709},
  author={International Electrotechnical Commission and others},
  year={2017},
  publisher={2017}
}
@INPROCEEDINGS{9968908,
  author={Müller, Thilo and Askaripoor, Hadi and Knoll, Alois},
  booktitle={IECON 2022 – 48th Annual Conference of the IEEE Industrial Electronics Society}, 
  title={Performance Analysis of KVM Hypervisor Using a Self-Driving Developer Kit}, 
  year={2022},
  volume={},
  number={},
  pages={1-7},
  doi={10.1109/IECON49645.2022.9968908}}
@electronic{SDV1,
 author   = "Aptiv",
 year     = "2023",
 title     = "SDV",
 url       = "https://www.aptiv.com/en/insights/article/what-is-a-software-defined-vehicle"
}
@electronic{SDV2,
 author   = "QNX",
 year     = "2023",
 title     = "SDV",
 url       = "https://blackberry.qnx.com/en/ultimate-guides/software-defined-vehicle"
}
@article{selic2003pragmatics,
  title={The pragmatics of model-driven development},
  author={Selic, Bran},
  journal={IEEE software},
  volume={20},
  number={5},
  pages={19--25},
  year={2003},
  publisher={IEEE}
}
@article{hailpern2006model,
  title={Model-driven development: The good, the bad, and the ugly},
  author={Hailpern, Brent and Tarr, Peri},
  journal={IBM systems journal},
  volume={45},
  number={3},
  pages={451--461},
  year={2006},
  publisher={IBM}
}
@article{medvidovic2002modeling,
  title={Modeling software architectures in the unified modeling language},
  author={Medvidovic, Nenad and Rosenblum, David S and Redmiles, David F and Robbins, Jason E},
  journal={ACM Transactions on Software Engineering and Methodology (TOSEM)},
  volume={11},
  number={1},
  pages={2--57},
  year={2002},
  publisher={ACM New York, NY, USA}
}

@incollection{Menčík16,
author = {Jaroslav Menčík},
title = {Reliability of Systems},
booktitle = {Concise Reliability for Engineers},
publisher = {IntechOpen},
address = {Rijeka},
year = {2016},
editor = {Jaroslav Mencik},
chapter = {5},
doi = {10.5772/62358},
url = {https://doi.org/10.5772/62358}
}

@book{warmer2003object,
  title={The object constraint language: getting your models ready for MDA},
  author={Warmer, Jos B and Kleppe, Anneke G},
  year={2003},
  publisher={Addison-Wesley Professional}
}
@book{barnes1984programming,
  title={Programming in ADA},
  author={Barnes, John G},
  year={1984},
  publisher={Addison-Wesley Longman Publishing Co., Inc.}
}

@inproceedings{kang2011approach,
  title={An approach for effective design space exploration},
  author={Kang, Eunsuk and Jackson, Ethan and Schulte, Wolfram},
  booktitle={Foundations of Computer Software. Modeling, Development, and Verification of Adaptive Systems: 16th Monterey Workshop 2010, Redmond, WA, USA, March 31-April 2, 2010, Revised Selected Papers 16},
  pages={33--54},
  year={2011},
  organization={Springer}
}
@book{arnold2005java,
  title={The Java programming language},
  author={Arnold, Ken and Gosling, James and Holmes, David},
  year={2005},
  publisher={Addison Wesley Professional}
}

@INPROCEEDINGS{10588416,
  author={Müller, Thilo and Askaripoor, Hadi and Knoll, Alois},
  booktitle={2024 IEEE Intelligent Vehicles Symposium (IV)}, 
  title={Advancing E/E Architecture Synthesis: A Perspective on Reliability Optimization and Hypervisor Integration}, 
  year={2024},
  volume={},
  number={},
  pages={1996-2003},
  keywords={Virtual machine monitors;Uncertainty;Scalability;Computer architecture;Reliability engineering;Space exploration;Complexity theory;E/E Architecture Synthesis;Design Automation;Optimization;Design Space Exploration;Reliability;Virtualization;Autonomous Driving},
  doi={10.1109/IV55156.2024.10588416}}
